@inproceedings{1,
  title={Learning membership functions for fuzzy sets through modified support vector clustering},
  author={Malchiodi, Dario and Pedrycz, Witold},
  booktitle={International Workshop on Fuzzy Logic and Applications},
  pages={52--59},
  year={2013},
  organization={Springer}
}

@book{2,
  title={Introduction to information retrieval},
  author={Manning, Christopher D and Sch{\"u}tze, Hinrich and Raghavan, Prabhakar},
  year={2008},
  publisher={Cambridge university press}
}

@article{3,
  title={Efficient estimation of word representations in vector space},
  author={Mikolov, Tomas and Chen, Kai and Corrado, Greg and Dean, Jeffrey},
  journal={arXiv preprint arXiv:1301.3781},
  year={2013}
}

@article{4,
  title={Fake news. It’s complicated},
  author={Wardle, Claire},
  journal={First Draft},
  volume={16},
  year={2017}
}

@inproceedings{5,
  title={Fact checking: Task definition and dataset construction},
  author={Vlachos, Andreas and Riedel, Sebastian},
  booktitle={Proceedings of the ACL 2014 Workshop on Language Technologies and Computational Social Science},
  pages={18--22},
  year={2014}
}

@inproceedings{6,
  title={Detecting check-worthy factual claims in presidential debates},
  author={Hassan, Naeemul and Li, Chengkai and Tremayne, Mark},
  booktitle={Proceedings of the 24th acm international on conference on information and knowledge management},
  pages={1835--1838},
  year={2015}
}

@article{7,
  title={Open information extraction from the web},
  author={Etzioni, Oren and Banko, Michele and Soderland, Stephen and Weld, Daniel S},
  journal={Communications of the ACM},
  volume={51},
  number={12},
  pages={68--74},
  year={2008},
  publisher={ACM New York, NY, USA}
}

@inproceedings{8,
  title={Web-based statistical fact checking of textual documents},
  author={Magdy, Amr and Wanas, Nayer},
  booktitle={Proceedings of the 2nd international workshop on Search and mining user-generated contents},
  pages={103--110},
  year={2010}
}

@article{9,
  title={Toward computational fact-checking},
  author={Wu, You and Agarwal, Pankaj K and Li, Chengkai and Yang, Jun and Yu, Cong},
  journal={Proceedings of the VLDB Endowment},
  volume={7},
  number={7},
  pages={589--600},
  year={2014},
  publisher={VLDB Endowment}
}

@inproceedings{10,
  title={Fact checking in heterogeneous information networks},
  author={Shi, Baoxu and Weninger, Tim},
  booktitle={Proceedings of the 25th International Conference Companion on World Wide Web},
  pages={101--102},
  year={2016}
}

@article{11,
  title={Computational fact checking from knowledge networks},
  author={Ciampaglia, Giovanni Luca and Shiralkar, Prashant and Rocha, Luis M and Bollen, Johan and Menczer, Filippo and Flammini, Alessandro},
  journal={PloS one},
  volume={10},
  number={6},
  pages={e0128193},
  year={2015},
  publisher={Public Library of Science San Francisco, CA USA}
}

@article{12,
  title={Deception detection for news: three types of fakes},
  author={Rubin, Victoria L and Chen, Yimin and Conroy, Nadia K},
  journal={Proceedings of the Association for Information Science and Technology},
  volume={52},
  number={1},
  pages={1--4},
  year={2015},
  publisher={Wiley Online Library}
}

@article{13,
  title={Automatic deception detection: Methods for finding fake news},
  author={Conroy, Nadia K and Rubin, Victoria L and Chen, Yimin},
  journal={Proceedings of the Association for Information Science and Technology},
  volume={52},
  number={1},
  pages={1--4},
  year={2015},
  publisher={Wiley Online Library}
}

@inproceedings{14,
  title={Proceedings of The 12th Language Resources and Evaluation Conference},
  author={Calzolari, Nicoletta and Bechet, Frederic and Blache, Philippe and Choukri, Khalid and Cieri, Christopher and Declerck, Thierry and Goggi, Sara and Isahara, Hitoshi and Maegaard, Bente and Mariani, Joseph and others},
  booktitle={Proceedings of The 12th Language Resources and Evaluation Conference},
  year={2020}
}

@article{15,
  title={Fake news detection on social media: A data mining perspective},
  author={Shu, Kai and Sliva, Amy and Wang, Suhang and Tang, Jiliang and Liu, Huan},
  journal={ACM SIGKDD explorations newsletter},
  volume={19},
  number={1},
  pages={22--36},
  year={2017},
  publisher={ACM New York, NY, USA}
}

@article{16,
  title={A survey on fake news and rumour detection techniques},
  author={Bondielli, Alessandro and Marcelloni, Francesco},
  journal={Information Sciences},
  volume={497},
  pages={38--55},
  year={2019},
  publisher={Elsevier}
}

@article{17,
  title={A survey of fake news: Fundamental theories, detection methods, and opportunities},
  author={Zhou, Xinyi and Zafarani, Reza},
  journal={ACM Computing Surveys (CSUR)},
  volume={53},
  number={5},
  pages={1--40},
  year={2020},
  publisher={ACM New York, NY, USA}
}

@article{18,
  title={On the role of text preprocessing in neural network architectures: An evaluation study on text categorization and sentiment analysis},
  author={Camacho-Collados, Jose and Pilehvar, Mohammad Taher},
  journal={arXiv preprint arXiv:1707.01780},
  year={2017}
}

@inproceedings{19,
  title={Aggregating neural word embeddings for document representation},
  author={Zhang, Ruqing and Guo, Jiafeng and Lan, Yanyan and Xu, Jun and Cheng, Xueqi},
  booktitle={European Conference on Information Retrieval},
  pages={303--315},
  year={2018},
  organization={Springer}
}

@article{20,
  title={Latent dirichlet allocation},
  author={Blei, David M and Ng, Andrew Y and Jordan, Michael I},
  journal={Journal of machine Learning research},
  volume={3},
  number={Jan},
  pages={993--1022},
  year={2003}
}

@inproceedings{21,
  title={Truth of varying shades: Analyzing language in fake news and political fact-checking},
  author={Rashkin, Hannah and Choi, Eunsol and Jang, Jin Yea and Volkova, Svitlana and Choi, Yejin},
  booktitle={Proceedings of the 2017 conference on empirical methods in natural language processing},
  pages={2931--2937},
  year={2017}
}

@article{22,
  title={Text preprocessing for unsupervised learning: Why it matters, when it misleads, and what to do about it},
  author={Denny, Matthew and Spirling, Arthur},
  journal={When It Misleads, and What to Do about It (September 27, 2017)},
  year={2017}
}

@article{23,
  title={Support vector clustering},
  author={Ben-Hur, Asa and Horn, David and Siegelmann, Hava T and Vapnik, Vladimir},
  journal={Journal of machine learning research},
  volume={2},
  number={Dec},
  pages={125--137},
  year={2001}
}

@inproceedings{24,
  title={Distributed representations of sentences and documents},
  author={Le, Quoc and Mikolov, Tomas},
  booktitle={International conference on machine learning},
  pages={1188--1196},
  year={2014},
  organization={PMLR}
}

@article{25,
  title={Sentiment analysis and subjectivity.},
  author={Liu, Bing and others},
  journal={Handbook of natural language processing},
  volume={2},
  number={2010},
  pages={627--666},
  year={2010}
}

@article{26,
  title={Lexical ambiguity and information retrieval},
  author={Krovetz, Robert and Croft, W Bruce},
  journal={ACM Transactions on Information Systems (TOIS)},
  volume={10},
  number={2},
  pages={115--141},
  year={1992},
  publisher={ACM New York, NY, USA}
}

@article{27,
  title={The communicative function of ambiguity in language},
  author={Piantadosi, Steven T and Tily, Harry and Gibson, Edward},
  journal={Cognition},
  volume={122},
  number={3},
  pages={280--291},
  year={2012},
  publisher={Elsevier}
}

@article{28,
  title={Improving support vector machine classifiers by modifying kernel functions},
  author={Amari, Shun-ichi and Wu, Si},
  journal={Neural Networks},
  volume={12},
  number={6},
  pages={783--789},
  year={1999},
  publisher={Elsevier}
}

@inproceedings{29,
  title={Kernel principal component analysis},
  author={Sch{\"o}lkopf, Bernhard and Smola, Alexander and M{\"u}ller, Klaus-Robert},
  booktitle={International conference on artificial neural networks},
  pages={583--588},
  year={1997},
  organization={Springer}
}

@thesis{30,
  title={Confronto tra approcci basati su clustering e SVM nell'induzione di insiemi fuzzy},
  author={Alessia Lombarda},
  year={2020},
  school={Università degli Studi di Milano}
}